@article{PhysRevLett.20.1205,
  title = {Search for Neutrinos from the Sun},
  author = {Davis, Raymond and Harmer, Don S. and Hoffman, Kenneth C.},
  journal = {Phys. Rev. Lett.},
  volume = {20},
  issue = {21},
  pages = {1205--1209},
  numpages = {0},
  year = {1968},
  month = {May},
  publisher = {American Physical Society},
  doi = {10.1103/PhysRevLett.20.1205},
  url = {http://link.aps.org/doi/10.1103/PhysRevLett.20.1205}
}

@article{Aad:2012tfa,
      author         = "Aad, Georges and others",
      title          = "{Observation of a new particle in the search for the
                        Standard Model Higgs boson with the ATLAS detector at the
                        LHC}",
      collaboration  = "ATLAS",
      journal        = "Phys. Lett.",
      volume         = "B716",
      year           = "2012",
      pages          = "1-29",
      doi            = "10.1016/j.physletb.2012.08.020",
      eprint         = "1207.7214",
      archivePrefix  = "arXiv",
      primaryClass   = "hep-ex",
      reportNumber   = "CERN-PH-EP-2012-218",
      SLACcitation   = "%%CITATION = ARXIV:1207.7214;%%"
}

@article{Chatrchyan:2012xdj,
      author         = "Chatrchyan, Serguei and others",
      title          = "{Observation of a new boson at a mass of 125 GeV with the
                        CMS experiment at the LHC}",
      collaboration  = "CMS",
      journal        = "Phys. Lett.",
      volume         = "B716",
      year           = "2012",
      pages          = "30-61",
      doi            = "10.1016/j.physletb.2012.08.021",
      eprint         = "1207.7235",
      archivePrefix  = "arXiv",
      primaryClass   = "hep-ex",
      reportNumber   = "CMS-HIG-12-028, CERN-PH-EP-2012-220",
      SLACcitation   = "%%CITATION = ARXIV:1207.7235;%%"
}

@article{Hatakeyama:1998ea,
      author         = "Hatakeyama, S. and others",
      title          = "{Measurement of the flux and zenith angle distribution of
                        upward through going muons in Kamiokande II + III}",
      collaboration  = "Kamiokande",
      journal        = "Phys. Rev. Lett.",
      volume         = "81",
      year           = "1998",
      pages          = "2016-2019",
      doi            = "10.1103/PhysRevLett.81.2016",
      eprint         = "hep-ex/9806038",
      archivePrefix  = "arXiv",
      primaryClass   = "hep-ex",
      reportNumber   = "ICRR-REPORT-421-98-17, KEK-PREPRINT-98-64, OULNS-98-04,
                        RCNS-98-13, TIT-HPE-98-08, TKU-PAP-98-05",
      SLACcitation   = "%%CITATION = HEP-EX/9806038;%%"
}

@article{Ahmad:2001an,
      author         = "Ahmad, Q. R. and others",
      title          = "{Measurement of the rate of $\nu_e+d \to p+p+e^-$
                        interactions produced by $^8B$ solar neutrinos at the
                        Sudbury Neutrino Observatory}",
      collaboration  = "SNO",
      journal        = "Phys. Rev. Lett.",
      volume         = "87",
      year           = "2001",
      pages          = "071301",
      doi            = "10.1103/PhysRevLett.87.071301",
      eprint         = "nucl-ex/0106015",
      archivePrefix  = "arXiv",
      primaryClass   = "nucl-ex",
      reportNumber   = "UPR-0240E",
      SLACcitation   = "%%CITATION = NUCL-EX/0106015;%%"
}

@article{Sakharov:1967dj,
      author         = "Sakharov, A. D.",
      title          = "{Violation of CP Invariance, c Asymmetry, and Baryon
                        Asymmetry of the Universe}",
      journal        = "Pisma Zh. Eksp. Teor. Fiz.",
      volume         = "5",
      year           = "1967",
      pages          = "32-35",
      doi            = "10.1070/PU1991v034n05ABEH002497",
      note           = "[Usp. Fiz. Nauk161,61(1991)]",
      SLACcitation   = "%%CITATION = ZFPRA,5,32;%%"
}

@article{Barea:2013bz,
      author         = "Barea, J. and Kotila, J. and Iachello, F.",
      title          = "{Nuclear matrix elements for double-$\beta$ decay}",
      journal        = "Phys. Rev.",
      volume         = "C87",
      year           = "2013",
      number         = "1",
      pages          = "014315",
      doi            = "10.1103/PhysRevC.87.014315",
      eprint         = "1301.4203",
      archivePrefix  = "arXiv",
      primaryClass   = "nucl-th",
      SLACcitation   = "%%CITATION = ARXIV:1301.4203;%%"
}

@article{Alessandria:2011rc,
      author         = "Alessandria, F. and others",
      title          = "{Sensitivity of CUORE to Neutrinoless Double-Beta Decay}",
      year           = "2011",
      eprint         = "1109.0494",
      archivePrefix  = "arXiv",
      primaryClass   = "nucl-ex",
      SLACcitation   = "%%CITATION = ARXIV:1109.0494;%%"
}

@article{Fehr200483,
title = "Application of MC-ICPMS to the precise determination of tellurium isotope compositions in chondrites, iron meteorites and sulfides ",
journal = "International Journal of Mass Spectrometry ",
volume = "232",
number = "1",
pages = "83 - 94",
year = "2004",
note = "",
issn = "1387-3806",
doi = "http://dx.doi.org/10.1016/j.ijms.2003.11.006",
url = "http://www.sciencedirect.com/science/article/pii/S1387380603004494",
author = "Manuela A Fehr and Mark Rehkämper and Alex N Halliday",
keywords = "MC-ICPMS",
keywords = "Tellurium isotopes",
keywords = "Meteorites "
}

@article{Redshaw:2009cf,
      author         = "Redshaw, Matthew and Mount, Brianna J. and Myers, Edmund
                        G. and Avignone, III, Frank T.",
      title          = "{Masses of Te-130 and Xe-130 and Double-beta-Decay Q
                        Value of Te-130}",
      journal        = "Phys. Rev. Lett.",
      volume         = "102",
      year           = "2009",
      pages          = "212502",
      doi            = "10.1103/PhysRevLett.102.212502",
      eprint         = "0902.2139",
      archivePrefix  = "arXiv",
      primaryClass   = "nucl-ex",
      SLACcitation   = "%%CITATION = ARXIV:0902.2139;%%"
}

@article{Scielzo:2009nh,
      author         = "Scielzo, N. D. and others",
      title          = "{Double-beta decay Q values of Te-13-, Te-128, and
                        Te-120}",
      journal        = "Phys. Rev.",
      volume         = "C80",
      year           = "2009",
      pages          = "025501",
      doi            = "10.1103/PhysRevC.80.025501",
      eprint         = "0902.2376",
      archivePrefix  = "arXiv",
      primaryClass   = "nucl-ex",
      SLACcitation   = "%%CITATION = ARXIV:0902.2376;%%"
}

@article{Rahaman:2011zz,
      author         = "Rahaman, S. and Elomaa, V. V. and Eronen, T. and Hakala,
                        J. and Jokinen, A. and Kankainen, A. and Rissanen, J. and
                        Suhonen, J. and Weber, C. and Äystö, J.",
      title          = "{Double-beta decay $Q$ values of $^{116}$Cd and
                        $^{130}$Te}",
      journal        = "Phys. Lett.",
      volume         = "B703",
      year           = "2011",
      pages          = "412-416",
      doi            = "10.1016/j.physletb.2011.07.078",
      SLACcitation   = "%%CITATION = PHLTA,B703,412;%%"
}

@article{Aguirre:2014lua,
      author         = "Artusa, D. R. and others",
      title          = "{Initial performance of the CUORE-0 experiment}",
      collaboration  = "CUORE",
      journal        = "Eur. Phys. J.",
      volume         = "C74",
      year           = "2014",
      number         = "8",
      pages          = "2956",
      doi            = "10.1140/epjc/s10052-014-2956-6",
      eprint         = "1402.0922",
      archivePrefix  = "arXiv",
      primaryClass   = "physics.ins-det",
      SLACcitation   = "%%CITATION = ARXIV:1402.0922;%%"
}

@article{Alduino:2016vjd,
      author         = "Alduino, C. and others",
      title          = "{CUORE-0 detector: design, construction and operation}",
      collaboration  = "CUORE",
      journal        = "JINST",
      volume         = "11",
      year           = "2016",
      number         = "07",
      pages          = "P07009",
      doi            = "10.1088/1748-0221/11/07/P07009",
      eprint         = "1604.05465",
      archivePrefix  = "arXiv",
      primaryClass   = "physics.ins-det",
      SLACcitation   = "%%CITATION = ARXIV:1604.05465;%%"
}

@article{Allison:2006ve,
      author         = "Allison, John and others",
      title          = "{Geant4 developments and applications}",
      journal        = "IEEE Trans. Nucl. Sci.",
      volume         = "53",
      year           = "2006",
      pages          = "270",
      doi            = "10.1109/TNS.2006.869826",
      reportNumber   = "SLAC-PUB-11870",
      SLACcitation   = "%%CITATION = IETNA,53,270;%%"
}

@article{Agostinelli:2002hh,
      author         = "Agostinelli, S. and others",
      title          = "{GEANT4: A Simulation toolkit}",
      collaboration  = "GEANT4",
      journal        = "Nucl. Instrum. Meth.",
      volume         = "A506",
      year           = "2003",
      pages          = "250-303",
      doi            = "10.1016/S0168-9002(03)01368-8",
      reportNumber   = "SLAC-PUB-9350, FERMILAB-PUB-03-339",
      SLACcitation   = "%%CITATION = NUIMA,A506,250;%%"
}

@article{Agostini:2016iid,
      author         = "Agostini, M. and others",
      title          = "{Search of Neutrinoless Double Beta Decay with the GERDA
                        Experiment}",
      booktitle      = "{Proceedings, 37th International Conference on High
                        Energy Physics (ICHEP 2014): Valencia, Spain, July 2-9,
                        2014}",
      journal        = "Nucl. Part. Phys. Proc.",
      volume         = "273-275",
      year           = "2016",
      pages          = "1876-1882",
      doi            = "10.1016/j.nuclphysbps.2015.09.303",
      SLACcitation   = "%%CITATION = INSPIRE-1467802;%%"
}

@article{Albert:2014awa,
      author         = "Albert, J. B. and others",
      title          = "{Search for Majorana neutrinos with the first two years
                        of EXO-200 data}",
      collaboration  = "EXO-200",
      journal        = "Nature",
      volume         = "510",
      year           = "2014",
      pages          = "229-234",
      doi            = "10.1038/nature13432",
      eprint         = "1402.6956",
      archivePrefix  = "arXiv",
      primaryClass   = "nucl-ex",
      SLACcitation   = "%%CITATION = ARXIV:1402.6956;%%"
}

@article{Auger:2012gs,
      author         = "Auger, M. and others",
      title          = "{The EXO-200 detector, part I: Detector design and
                        construction}",
      journal        = "JINST",
      volume         = "7",
      year           = "2012",
      pages          = "P05010",
      doi            = "10.1088/1748-0221/7/05/P05010",
      eprint         = "1202.2192",
      archivePrefix  = "arXiv",
      primaryClass   = "physics.ins-det",
      SLACcitation   = "%%CITATION = ARXIV:1202.2192;%%"
}

@inproceedings{Bongrand:2011ei,
      author         = "Bongrand, Mathieu",
      title          = "{Results of the NEMO-3 Double Beta Decay Experiment}",
      booktitle      = "{22nd Rencontres de Blois on Particle Physics and
                        Cosmology Blois, Loire Valley, France, July 15-20, 2010}",
      collaboration  = "NEMO-3",
      url            = "https://inspirehep.net/record/899326/files/arXiv:1105.2435.pdf",
      year           = "2011",
      eprint         = "1105.2435",
      archivePrefix  = "arXiv",
      primaryClass   = "hep-ex",
      SLACcitation   = "%%CITATION = ARXIV:1105.2435;%%"
}

@article{::2016dpe,
      author         = "Arnold, R. and others",
      title          = "{Measurement of the 2$\nu\beta\beta$ decay half-life of
                        $^{150}$Nd and a search for 0$\nu\beta\beta$ decay
                        processes with the full exposure from the NEMO-3
                        detector}",
      collaboration  = "NEMO-3",
      year           = "2016",
      eprint         = "1606.08494",
      archivePrefix  = "arXiv",
      primaryClass   = "hep-ex",
      SLACcitation   = "%%CITATION = ARXIV:1606.08494;%%"
}

@article{Arnold:2016ezh,
      author         = "Arnold, R. and others",
      title          = "{Measurement of the double-beta decay half-life and
                        search for the neutrinoless double-beta decay of $^{48}$Ca
                        with the NEMO-3 detector}",
      collaboration  = "NEMO-3",
      journal        = "Phys. Rev.",
      volume         = "D93",
      year           = "2016",
      number         = "11",
      pages          = "112008",
      doi            = "10.1103/PhysRevD.93.112008",
      eprint         = "1604.01710",
      archivePrefix  = "arXiv",
      primaryClass   = "hep-ex",
      SLACcitation   = "%%CITATION = ARXIV:1604.01710;%%"
}

@article{KamLAND-Zen:2016pfg,
      author         = "Gando, A. and others",
      title          = "{Search for Majorana Neutrinos near the Inverted Mass
                        Hierarchy Region with KamLAND-Zen}",
      collaboration  = "KamLAND-Zen",
      year           = "2016",
      eprint         = "1605.02889",
      archivePrefix  = "arXiv",
      primaryClass   = "hep-ex",
      SLACcitation   = "%%CITATION = ARXIV:1605.02889;%%"
}

@article{::2015uaa,
      author         = "Asakura, K. and others",
      title          = "{Search for double-beta decay of $^{136}$Xe to excited
                        states of $^{136}$Ba with the KamLAND-Zen experiment}",
      collaboration  = "KamLAND-Zen",
      journal        = "Nucl. Phys.",
      volume         = "A946",
      year           = "2016",
      pages          = "171-181",
      doi            = "10.1016/j.nuclphysa.2015.11.011",
      eprint         = "1509.03724",
      archivePrefix  = "arXiv",
      primaryClass   = "hep-ex",
      SLACcitation   = "%%CITATION = ARXIV:1509.03724;%%"
}